@inproceedings{SNE,
  title={Stochastic neighbor embedding},
  author={Hinton, Geoffrey E and Roweis, Sam T},
  booktitle={Advances in neural information processing systems},
  pages={833--840},
  year={2002}
}

@article{t-SNE,
  title={Visualizing data using t-SNE},
  author={Van der Maaten, Laurens and Hinton, Geoffrey},
  journal={Journal of Machine Learning Research},
  volume={9},
  number={2579-2605},
  pages={85},
  year={2008}
}

@article{donahue2013decaf,
  title={Decaf: A deep convolutional activation feature for generic visual recognition},
  author={Donahue, Jeff and Jia, Yangqing and Vinyals, Oriol and Hoffman, Judy and Zhang, Ning and Tzeng, Eric and Darrell, Trevor},
  journal={arXiv preprint arXiv:1310.1531},
  year={2013}
}

@article{yu2014visualizing,
  title={Visualizing and Comparing Convolutional Neural Networks},
  author={Yu, Wei and Yang, Kuiyuan and Bai, Yalong and Yao, Hongxun and Rui, Yong},
  journal={arXiv preprint arXiv:1412.6631},
  year={2014}
}

@article{yaotiny,
  title={Tiny ImageNet Classification with Convolutional Neural Networks},
  author={Yao, Leon and Miller, John}
}

@inproceedings{krizhevsky2012imagenet,
  title={Imagenet classification with deep convolutional neural networks},
  author={Krizhevsky, Alex and Sutskever, Ilya and Hinton, Geoffrey E},
  booktitle={Advances in neural information processing systems},
  pages={1097--1105},
  year={2012}
}

@inproceedings{simard2003best,
  title={Best practices for convolutional neural networks applied to visual document analysis},
  author={Simard, Patrice Y and Steinkraus, Dave and Platt, John C},
  booktitle={2013 12th International Conference on Document Analysis and Recognition},
  volume={2},
  pages={958--958},
  year={2003},
  organization={IEEE Computer Society}
}

@misc{mnist_web,
  author = {Yann LeCun, Corinna Cortes, Christopher J.C. Burges},
  title = {{The MNIST Database of handwritten digits}},
  howpublished = "\url{http://yann.lecun.com/exdb/mnist/}",
  note = "[Online; accessed 01-June-2015]"
}

@article{lawrence1997face,
  title={Face recognition: A convolutional neural-network approach},
  author={Lawrence, Steve and Giles, C Lee and Tsoi, Ah Chung and Back, Andrew D},
  journal={Neural Networks, IEEE Transactions on},
  volume={8},
  number={1},
  pages={98--113},
  year={1997},
  publisher={IEEE}
}

@article{van2009new,
  title={A new benchmark dataset for handwritten character recognition},
  author={Van der Maaten, Laurens},
  journal={Tilburg University},
  pages={2--5},
  year={2009}
}

@inproceedings{hadsell2006dimensionality,
  title={Dimensionality reduction by learning an invariant mapping},
  author={Hadsell, Raia and Chopra, Sumit and LeCun, Yann},
  booktitle={Computer vision and pattern recognition, 2006 IEEE computer society conference on},
  volume={2},
  pages={1735--1742},
  year={2006},
  organization={IEEE}
}

@article{rowley1998neural,
  title={Neural network-based face detection},
  author={Rowley, Henry A and Baluja, Shumeet and Kanade, Takeo},
  journal={Pattern Analysis and Machine Intelligence, IEEE Transactions on},
  volume={20},
  number={1},
  pages={23--38},
  year={1998},
  publisher={IEEE}
}

@article{prechelt1994proben1,
  title={Proben1: A set of neural network benchmark problems and benchmarking rules},
  author={Prechelt, Lutz and others},
  year={1994},
  publisher={Citeseer}
}

@inproceedings{ciresan2011flexible,
  title={Flexible, high performance convolutional neural networks for image classification},
  author={Ciresan, Dan C and Meier, Ueli and Masci, Jonathan and Maria Gambardella, Luca and Schmidhuber, J{\"u}rgen},
  booktitle={IJCAI Proceedings-International Joint Conference on Artificial Intelligence},
  volume={22},
  number={1},
  pages={1237},
  year={2011}
}

@inproceedings{jia2014caffe,
  title={Caffe: Convolutional architecture for fast feature embedding},
  author={Jia, Yangqing and Shelhamer, Evan and Donahue, Jeff and Karayev, Sergey and Long, Jonathan and Girshick, Ross and Guadarrama, Sergio and Darrell, Trevor},
  booktitle={Proceedings of the ACM International Conference on Multimedia},
  pages={675--678},
  year={2014},
  organization={ACM}
}

@inproceedings{collobert2011torch7,
  title={Torch7: A matlab-like environment for machine learning},
  author={Collobert, Ronan and Kavukcuoglu, Koray and Farabet, Cl{\'e}ment},
  booktitle={BigLearn, NIPS Workshop},
  number={EPFL-CONF-192376},
  year={2011}
}

@article{bastien2012theano,
  title={Theano: new features and speed improvements},
  author={Bastien, Fr{\'e}d{\'e}ric and Lamblin, Pascal and Pascanu, Razvan and Bergstra, James and Goodfellow, Ian and Bergeron, Arnaud and Bouchard, Nicolas and Warde-Farley, David and Bengio, Yoshua},
  journal={arXiv preprint arXiv:1211.5590},
  year={2012}
}

@article{goodfellow2013pylearn2,
  title={Pylearn2: a machine learning research library},
  author={Goodfellow, Ian J and Warde-Farley, David and Lamblin, Pascal and Dumoulin, Vincent and Mirza, Mehdi and Pascanu, Razvan and Bergstra, James and Bastien, Fr{\'e}d{\'e}ric and Bengio, Yoshua},
  journal={arXiv preprint arXiv:1308.4214},
  year={2013}
}

@inproceedings{lecun2004learning,
  title={Learning methods for generic object recognition with invariance to pose and lighting},
  author={LeCun, Yann and Huang, Fu Jie and Bottou, Leon},
  booktitle={Computer Vision and Pattern Recognition, 2004. CVPR 2004. Proceedings of the 2004 IEEE Computer Society Conference on},
  volume={2},
  pages={II--97},
  year={2004},
  organization={IEEE}
}

@article{szegedy2013intriguing,
  title={Intriguing properties of neural networks},
  author={Szegedy, Christian and Zaremba, Wojciech and Sutskever, Ilya and Bruna, Joan and Erhan, Dumitru and Goodfellow, Ian and Fergus, Rob},
  journal={arXiv preprint arXiv:1312.6199},
  year={2013}
}

@inproceedings{goodfellow2009measuring,
  title={Measuring invariances in deep networks},
  author={Goodfellow, Ian and Lee, Honglak and Le, Quoc V and Saxe, Andrew and Ng, Andrew Y},
  booktitle={Advances in neural information processing systems},
  pages={646--654},
  year={2009}
}

@article{sauderencoded,
  title={Encoded Invariance in Convolutional Neural Networks},
  author={Sauder, Nathaniel}
}

@inproceedings{gens2014deep,
  title={Deep Symmetry Networks},
  author={Gens, Robert and Domingos, Pedro M},
  booktitle={Advances in neural information processing systems},
  pages={2537--2545},
  year={2014}
}

@article{lecun1998gradient,
  title={Gradient-based learning applied to document recognition},
  author={LeCun, Yann and Bottou, L{\'e}on and Bengio, Yoshua and Haffner, Patrick},
  journal={Proceedings of the IEEE},
  volume={86},
  number={11},
  pages={2278--2324},
  year={1998},
  publisher={IEEE}
}

@inproceedings{nair2010rectified,
  title={Rectified linear units improve restricted boltzmann machines},
  author={Nair, Vinod and Hinton, Geoffrey E},
  booktitle={Proceedings of the 27th International Conference on Machine Learning (ICML-10)},
  pages={807--814},
  year={2010}
}

@article{bromley1993signature,
  title={Signature verification using a “Siamese” time delay neural network},
  author={Bromley, Jane and Bentz, James W and Bottou, L{\'e}on and Guyon, Isabelle and LeCun, Yann and Moore, Cliff and S{\"a}ckinger, Eduard and Shah, Roopak},
  journal={International Journal of Pattern Recognition and Artificial Intelligence},
  volume={7},
  number={04},
  pages={669--688},
  year={1993},
  publisher={World Scientific}
}

@inproceedings{chopra2005learning,
  title={Learning a similarity metric discriminatively, with application to face verification},
  author={Chopra, Sumit and Hadsell, Raia and LeCun, Yann},
  booktitle={Computer Vision and Pattern Recognition, 2005. CVPR 2005. IEEE Computer Society Conference on},
  volume={1},
  pages={539--546},
  year={2005},
  organization={IEEE}
}

@article{pedregosa2011scikit,
  title={Scikit-learn: Machine learning in Python},
  author={Pedregosa, Fabian and Varoquaux, Ga{\"e}l and Gramfort, Alexandre and Michel, Vincent and Thirion, Bertrand and Grisel, Olivier and Blondel, Mathieu and Prettenhofer, Peter and Weiss, Ron and Dubourg, Vincent and others},
  journal={The Journal of Machine Learning Research},
  volume={12},
  pages={2825--2830},
  year={2011},
  publisher={JMLR. org}
}
